@misc{1,
  author = {},
  title = {{Bison - GNU parser generator}},
  howpublished = "\url{http://www.gnu.org/software/bison/}",
  year = {}  
}

@misc{2,
  author = {},
  title = {{Init and Destroy Functions - Lexical Analysis With Flex, for Flex 2.5.37}},
  howpublished = "\url{http://flex.sourceforge.net/manual/Init-and-Destroy-Functions.html}",
  year = {}
}

@misc{3,
  author = {},
  title = {{Keyboard event and QTextEdit}},
  howpublished = "\url{http://www.qtcentre.org/threads/25309-Keyboard-event-and-QTextEdit}",
  year = {}
}

@misc{4,
  author = {},
  title = {{C++ Qt 81 - QGraphicsView and QGraphicsScene}},
  howpublished = "\url{http://www.youtube.com/watch?v=b35JF4LqtBs}",
  year = {}
}

@misc{5,
  author = {},
  title = {{flex: The Fast Lexical Analyzer}},
  howpublished = "\url{http://flex.sourceforge.net/}",
  year = {}
}

@misc{6,
  author = {Uday P. Khedker, Ankita Mathur},
  title = {{specRTL: A Language for GCC Machine Descriptions}},
  howpublished = "\url{http://www.cse.iitb.ac.in/grc/software/specRTL/sim_gcc_md.pdf}",
  year = {2011}
}

@misc{7,
  author = {},
  title = {{map - C++ Reference}},
  howpublished = "\url{http://www.cplusplus.com/reference/map/map/}",
  year = {} 
}


@misc{8,
  author = {},
  title = {{C++ parser: segmentation fault using parsing}},
  howpublished = "\url{http://osdir.com/ml/lex.flex.general/2007-01/msg00000.html}",
  year = {} 
}